<record><leader>00000cas a22000007a 4500</leader><controlfield tag="001">19477688</controlfield><controlfield tag="008">890330d18651871mduwr ne      0    0eng d</controlfield><datafield ind1=" " ind2=" " tag="010"><subfield code="a">sn 89060059 </subfield></datafield><datafield ind1=" " ind2=" " tag="040"><subfield code="a">MFN</subfield><subfield code="b">eng</subfield><subfield code="c">MFN</subfield><subfield code="d">OCLCQ</subfield></datafield><datafield ind1=" " ind2=" " tag="042"><subfield code="a">msc</subfield></datafield><datafield ind1="0" ind2="4" tag="245"><subfield code="a">The New Town record.</subfield></datafield><datafield ind1=" " ind2=" " tag="260"><subfield code="a">New Town [i.e. Pocomoke City], Md. :</subfield><subfield code="b">Albert J. Merrill</subfield></datafield><datafield ind1=" " ind2=" " tag="300"><subfield code="a">v.</subfield></datafield><datafield ind1=" " ind2=" " tag="310"><subfield code="a">Weekly</subfield></datafield><datafield ind1="1" ind2=" " tag="362"><subfield code="a">Began in 1865.</subfield></datafield><datafield ind1=" " ind2=" " tag="588"><subfield code="a">Description based on: Vol. 1, no. 36 (June 30, 1866).</subfield></datafield><datafield ind1=" " ind2=" " tag="752"><subfield code="a">United States</subfield><subfield code="b">Maryland</subfield><subfield code="c">Worcester</subfield><subfield code="d">New Town.</subfield></datafield><datafield ind1=" " ind2=" " tag="752"><subfield code="a">United States</subfield><subfield code="b">Maryland</subfield><subfield code="c">Worcester</subfield><subfield code="d">Pocomoke City.</subfield></datafield><datafield ind1="0" ind2="7" tag="785"><subfield code="t">Newtown gazette</subfield></datafield><datafield ind1="0" ind2="7" tag="785"><subfield code="t">Newtown record and gazette</subfield><subfield code="w">(DLC)sn 84026665</subfield></datafield></record>